% Book about wireframing
@BOOK{hamm14,
  author    = {Hamm, Matthew J.},
  date      = {2014},
  title     = {Wireframing Essentials},
  subtitle  = {An introduction to user experience design},
  edition   = {1},
  location  = {Birmingham},
  publisher = {Packt Publishing},
  pagetotal = {112},
  isbn      = {978-1-84969-854-2},
  langid    = {english},
}

% Wordpress all-in-one for dummies. Edited by Lisa Sabin-Wilson.
% 2nd ed. Indianapolis, Ind.: John Wiley & Sons, 2013. xx, 820 p.
% ISBN 9781118383322.
@BOOK{wilson13,
  author    = {Sabin-Wilson, Lisa},
  date      = {2013},
  title     = {Wordpress all-in-one for dummies},
  subtitle  = {}, % NONE
  edition   = {2},
  location  = {Hoboken, NJ},
  publisher = {John Wiley \& Sons, Inc.},
  pagetotal = {xx, 820},
  isbn      = {978-1-118-38332-2},
  langid    = {english},
}

% HORTON, William, e-learning by Design
@BOOK{horton11,
  author    = {Horton, William},
  date      = {2011},
  title     = {e-Learning by Design},
  subtitle  = {}, % NONE
  edition   = {2},
  location  = {},
  publisher = {John Wiley \& Sons, Inc.},
  pagetotal = {640},
  isbn      = {978-0-470-90002-4},
  langid    = {english},
}

% MAUTHE, THOMAS, content management systems
@BOOK{mauthe04,
  author    = {Mauthe, A. and Thomas, P.},
  date      = {2004},
  title     = {Professional Content Management Systems: Handling Digital Media Assets},
  subtitle  = {}, % NONE
  edition   = {1},
  location  = {Chichester},
  publisher = {John Wiley \& Sons, Inc.},
  pagetotal = {336},
  isbn      = {978-0-470-85542-3},
  langid    = {english},
}

% WELLING translated to cz
@BOOK{welling17,
  author     = {Welling, L. and Thomson, L.},
  translator = {Ondřej Baše},
  date       = {2017},
  title      = {Mistrovství PHP a MySQL},
  subtitle   = {}, % NONE
  edition    = {1},
  location   = {Brno},
  publisher  = {Computer Press},
  pagetotal  = {336},
  isbn       = {978-80-251-4892-1},
  langid     = {czech},
}

% contains good info about MVC
@BOOK{gilmore09,
  author     = {Gilmore, W. Jason},
  date       = {2009},
  title      = {Easy PHP Websites with the Zend Framework},
  subtitle   = {}, % NONE
  edition    = {1},
  location   = {Columbus},
  publisher  = {W.J. Gilmore, LLC},
  pagetotal  = {313},
  isbn       = {978-0615303888},
  langid     = {english},
}

% LANG, Leoš. \textit{Implementace e-learningového modulu pro systém
% Wordpress} [online]. Brno, 2019 [cit. 2023-04-15]. Dostupné z:
% https://theses.cz/id/eybogi/. Bakalářská práce. Mendelova univerzita v Brně,
% Provozně ekonomická fakulta. Vedoucí práce Ing. Mgr. Jana Dannhoferová, Ph.D.
@THESIS{lang18,
    author      = {Lang, Leoš},
    title       = {Implementace e-learningového modulu pro systém Wordpress},
    date        = {2018},
    location    = {Brno},
    institution = {Mendelova univerzita v Brně},
    langid      = {czech},
    url         = {https://theses.cz/id/eybogi/},
    urldate     = {2023-03-10},
}

% Article about e-learning. available from: https://research.com/education/what-is-elearning
@ONLINE{research_e-learning,
    author    = {Imed Bouchrika, Phd},
    publisher = {Research.com},
    title     = {What Is eLearning? Types, Advantages, and Drawbacks},
    date      = {2022/2023},
    url       = {https://research.com/education/what-is-elearning},
    urldate   = {2023-03-10},
    location  = {},
    langid    = {english},
}

@ONLINE{mobile_usage,
	publisher = {Statista GmbH },
	title = {Global mobile traffic worldwide 2022 1stQ},
	date = {2022},
	url = {http://web.archive.org/web/20230512021013/https://www.statista.com/statistics/277125/share-of-website-traffic-coming-from-mobile-devices/},
	urldate = {2023-05-12},
	location = {Hamburg},
	langid = {english},
}

% W3Tech wordpress usage
@ONLINE{w3_wordpress,
    publisher = {Q-Success},
    title     = {Usage statistics and market share of WordPress},
    date      = {2009/2023},
    url       = {https://w3techs.com/technologies/details/cm-wordpress},
    urldate   = {2023-03-26},
    location  = {},
    langid    = {english},
}

% CodeIgniter Foundation, available from: https://www.codeigniter.com
@ONLINE{codeigniter,
    publisher = {CodeIgniter Foundation},
    title     = {CodeIgniter},
    date      = {2019/2023},
    url       = {https://www.codeigniter.com},
    urldate   = {2023-04-01},
    location = {},
    langid    = {english},
}

@ONLINE{codeigniter4,
    publisher = {CodeIgniter Foundation},
    title     = {CodeIgniter4 User Guide},
    date      = {2019/2023},
    url       = {https://www.codeigniter.com/user_guide/},
    urldate   = {2023-04-01},
    location  = {},
    langid    = {english},
}

% ENAI, available from https://www.academicintegrity.eu/
@ONLINE{enai,
    publisher = {European Network for Academic Integrity},
    title     = {About ENAI},
    date      = {2023},
    url       = {https://www.academicintegrity.eu/},
    urldate   = {2023-04-01},
    location  = {},
    langid    = {english},
}

@ONLINE{enai_about,
    publisher = {European Network for Academic Integrity},
    title     = {About ENAI},
    date      = {2023},
    url       = {https://www.academicintegrity.eu/wp/about-enai/},
    urldate   = {2023-04-01},
    location  = {},
    langid    = {english},
}

@ONLINE{enai_materials,
    publisher = {European Network for Academic Integrity},
    title     = {Interactive database of educational materials},
    date      = {2023},
    url       = {https://www.academicintegrity.eu/materials},
    urldate   = {2023-04-01},
    location  = {},
    langid    = {english},
}

@ONLINE{forpsi_data,
	publisher={Q-Success},
	title={Overview of web technologies used by Forpsi.com},
	date={2023},
	url={https://w3techs.com/sites/info/forpsi.com},
	urldate={2023-05-15},
	langid={english}
}

@ONLINE{tinymce,
    publisher = {Tiny Technologies Inc},
    title     = {TinyMCE},
    date      = {2023},
    url       = {https://www.tiny.cloud/},
    urldate   = {2023-05-11},
    location  = {},
    langid    = {english},
}

@ONLINE{moodle,
    publisher = {Moodle HQ},
    title     = {Moodle},
    date      = {2023},
    url       = {https://moodle.org/},
    urldate   = {2023-05-12},
    location  = {},
    langid    = {english},
}

@ONLINE{openedx,
    publisher = {Axim Collaborative},
    title     = {Open edX},
    date      = {2023},
    url       = {https://openedx.org/},
    urldate   = {2023-05-12},
    location  = {},
    langid    = {english},
}

@ONLINE{canvas,
    publisher = {Instructure Inc.},
    title     = {Canvas LMS},
    date      = {2023},
    url       = {https://github.com/instructure/canvas-lms},
    urldate   = {2023-05-12},
    location  = {},
    langid    = {english},
}

@ONLINE{omeka,
    publisher = {Digital Scholar},
    title     = {Omeka},
    date      = {2023},
    url       = {https://omeka.org/},
    urldate   = {2023-05-12},
    location  = {},
    langid    = {english},
}

@ONLINE{mediawiki,
    publisher = {},
    title     = {Mediawiki},
    date      = {2023},
    url       = {https://www.mediawiki.org/wiki/MediaWiki},
    urldate   = {2023-05-12},
    location  = {},
    langid    = {english},
}
